@book{bib:YoungFreedman,
    title = {University Physics With Modern Physics},
    author = {Hugh D Young and Roger A Freedman},
    year = {2019},
    publisher = {Pearson Education},
    edition = {Fifteenth}
}